<record><leader>00000cas a22000007a 4500</leader><controlfield tag="001">17780688</controlfield><controlfield tag="008">880412d19381940moudn ne      0    0eng d</controlfield><datafield ind1=" " ind2=" " tag="010"><subfield code="a">sn 88086136 </subfield></datafield><datafield ind1=" " ind2=" " tag="040"><subfield code="a">NPV</subfield><subfield code="b">eng</subfield><subfield code="c">NPV</subfield><subfield code="d">MQN</subfield><subfield code="d">OCLCQ</subfield></datafield><datafield ind1=" " ind2=" " tag="042"><subfield code="a">msc</subfield></datafield><datafield ind1="0" ind2=" " tag="130"><subfield code="a">Daily intelligencer (Mexico, Mo. : 1938)</subfield></datafield><datafield ind1="1" ind2="4" tag="245"><subfield code="a">The daily intelligencer.</subfield></datafield><datafield ind1=" " ind2=" " tag="260"><subfield code="a">Mexico, Mo. :</subfield><subfield code="b">[Intelligencer Pub. Co.],</subfield><subfield code="c">1938-1940.</subfield></datafield><datafield ind1=" " ind2=" " tag="300"><subfield code="a">v.</subfield></datafield><datafield ind1=" " ind2=" " tag="310"><subfield code="a">Daily (except Sat. &amp; Mon.)</subfield></datafield><datafield ind1="0" ind2=" " tag="362"><subfield code="a">76th, no. 161 (July 11, 1938)-no. 31 (Feb. 13, 1940).</subfield></datafield><datafield ind1=" " ind2=" " tag="500"><subfield code="a">Publisher taken from weekly ed.</subfield></datafield><datafield ind1=" " ind2=" " tag="515"><subfield code="a">Numbering is irregular.</subfield></datafield><datafield ind1=" " ind2=" " tag="752"><subfield code="a">United States</subfield><subfield code="b">Missouri</subfield><subfield code="c">Audrain</subfield><subfield code="d">Mexico.</subfield></datafield><datafield ind1="0" ind2=" " tag="775"><subfield code="t">Weekly intelligencer (Mexico, Mo. : 1935)</subfield><subfield code="w">(DLC)sn 89067280</subfield></datafield><datafield ind1="0" ind2="0" tag="780"><subfield code="t">Intelligencer (Mexico, Mo. : Daily ed.)</subfield><subfield code="w">(DLC)sn 86063638</subfield></datafield><datafield ind1="0" ind2="0" tag="785"><subfield code="t">Daily news and intelligencer</subfield><subfield code="w">(DLC)sn 89067283</subfield></datafield></record>